
<record>
  <controlfield tag="001">191643</controlfield>
  <datafield tag="035" ind1=" " ind2=" ">
    <subfield code="a">Behrend:1983nm</subfield>
    <subfield code="9">SPIRESTeX</subfield>
  </datafield>
  <datafield tag="037" ind1=" " ind2=" ">
    <subfield code="a">PRINT-83-0745</subfield>
  </datafield>
  <datafield tag="710" ind1=" " ind2=" ">
    <subfield code="g">CELLO</subfield>
  </datafield>
  <datafield tag="245" ind1=" " ind2=" ">
    <subfield code="a">ON THE MODEL DEPENDENCE OF THE DETERMINATION OF THE STRONG COUPLING CONSTANT IN SECOND ORDER FROM e+ e- ANNIHILATION INTO HADRONS</subfield>
  </datafield>
</record>